@Book{Slotine,
author = {Jean-Jacques E. Slotine and Weiping Li},
publisher = {Prentice Hall},
title = {Applied Nonlinear Control},
year = {1991}
}

@Book{Adapt,
author = {Lorenzo Sciavicco and Brui},
title = {Modelling and Control of Robot Manipulators},
publisher = {Springer},
year = {2005}
}

@Book{brain,
author = {Chris Eliasmith},
title = {How to Buid a Brain: A Neural Arquitecture for Biological Cognition},
publisher = {Oxford University Press},
year = {2013},
}
