% ------------------------------------------------------------------------
% SAMPLE BIBLIOGRAPHY FILE
% ------------------------------------------------------------------------
 ------------------------------------------------------------------------
@Article{Armbrecht,
author = {Armbrecht, I.; I. Perfecto and J. Vandermeer},
title = {Enigmatic biodiversity correlations:
Ant diversity responds to diverse resources. },
journal= {Science 304:284-286},
year = {2004},
}

@Article{Beecher,
author = {N. A Beecher  and R. J. Johnson and J. R. Brandle and R. M. Case and L. J. Young},
title = {Agroecology of birds in organic and non organic farmland},
journal = {Conservation
Biology 16:1620-1631},
year = {2002},
}

@Article{Berggren,
author = {Berggren, A. and B. Birath and O. Kindvall},
title = {Effect of Corridors and Habitat
Edges on Dispersal Behavior, Movement Rates, and Movement Angles in
Roesel's Bush-Cricket (Metrioptera roeseli)
},
journal = {Conservation Biology 16:1562-1569},
year = {2002},
}
